%%%%%%%%%%%%%%%%%%%%%%%%%%%%%%%%
% CHAPTER: RSA                 %
%%%%%%%%%%%%%%%%%%%%%%%%%%%%%%%%

@article{rsa_paper,
 author = {Rivest, R. L. and Shamir, A. and Adleman, L.},
 title = {A Method for Obtaining Digital Signatures and Public-key Cryptosystems},
 journal = {Commun. ACM},
 issue_date = {Feb. 1978},
 volume = {21},
 number = {2},
 month = feb,
 year = {1978},
 issn = {0001-0782},
 pages = {120--126},
 numpages = {7},
 url = {http://doi.acm.org/10.1145/359340.359342},
 doi = {10.1145/359340.359342},
 acmid = {359342},
 publisher = {ACM},
 address = {New York, NY, USA},
 keywords = {authentication, cryptography, digital signatures, electronic funds transfer, electronic mail, factorization, message-passing, prime number, privacy, public-key cryptosystems, security},
} 

@article{diffie_hellman,
 author = {Diffie, W. and Hellman, M.},
 title = {New Directions in Cryptography},
 journal = {IEEE Trans. Inf. Theor.},
 issue_date = {November 1976},
 volume = {22},
 number = {6},
 month = sep,
 year = {2006},
 issn = {0018-9448},
 pages = {644--654},
 numpages = {11},
 url = {http://dx.doi.org/10.1109/TIT.1976.1055638},
 doi = {10.1109/TIT.1976.1055638},
 acmid = {2269104},
 publisher = {IEEE Press},
 address = {Piscataway, NJ, USA},
} 

@MastersThesis{thesis_matus_nemec,
AUTHOR = "M. Nemec",
TITLE = "The properties of RSA key generation process in software libraries [online]",
YEAR = "2016 [cit. 2018-08-19]",
TYPE = "Diplomová práce",
SCHOOL = "Masarykova univerzita, Fakulta informatiky, Brno",
SUPERVISOR = "Petr Švenda",
URL = "https://is.muni.cz/th/oba30/",
}

%%%%%%%%%%%%%%%%%%%%%%%%%%%%%%%%
% CHAPTER: ML                  %
%%%%%%%%%%%%%%%%%%%%%%%%%%%%%%%%

@article{perceptron,
    author = {F. Rosenblatt},
    title = {The Perceptron: A Probabilistic Model for Information Storage and Organization in The Brain},
    journal = {Psychological Review},
    year = {1958},
    pages = {65--386},
    url = {http://citeseerx.ist.psu.edu/viewdoc/download?doi=10.1.1.335.3398&rep= rep1&type=pdf}
}

@inproceedings{relu_faster,
 author = {Krizhevsky, Alex and Sutskever, Ilya and Hinton, Geoffrey E.},
 title = {ImageNet Classification with Deep Convolutional Neural Networks},
 booktitle = {Proceedings of the 25th International Conference on Neural Information Processing Systems - Volume 1},
 series = {NIPS'12},
 year = {2012},
 location = {Lake Tahoe, Nevada},
 pages = {1097--1105},
 numpages = {9},
 url = {http://dl.acm.org/citation.cfm?id=2999134.2999257},
 acmid = {2999257},
 publisher = {Curran Associates Inc.},
 address = {USA},
} 

@misc{wiki:activation,
    author = "{Wikipedia contributors}",
    title = "Activation function --- {Wikipedia}{,} The Free Encyclopedia",
    year = "2018",
    url = "https://en.wikipedia.org/wiki/Activation_function#Comparison_of_activation_functions",
    note = "[Online; accessed 15-September-2018]"
  }

@misc{loss,
author = {Gage, Justin},
title = {Introduction to Loss Functions},
type = {Blog},
number = {April 30},
year = {2018},
howpublished = {\url{https://blog.algorithmia.com/introduction-to-loss-functions/}}
}

